<record><leader>00000cas a22000007a 4500</leader><controlfield tag="001">9790069</controlfield><controlfield tag="008">830808d18271828nyuwr ne      0    0eng d</controlfield><datafield ind1=" " ind2=" " tag="010"><subfield code="a">sn 83031123 </subfield></datafield><datafield ind1=" " ind2=" " tag="040"><subfield code="a">NPU</subfield><subfield code="b">eng</subfield><subfield code="c">NPU</subfield><subfield code="d">NYS</subfield><subfield code="d">OCL</subfield><subfield code="d">OCLCF</subfield><subfield code="d">OCLCO</subfield></datafield><datafield ind1=" " ind2=" " tag="042"><subfield code="a">msc</subfield></datafield><datafield ind1="0" ind2="4" tag="245"><subfield code="a">The Fredonia gazette.</subfield></datafield><datafield ind1=" " ind2=" " tag="260"><subfield code="a">Fredonia, N.Y. :</subfield><subfield code="b">Hull and Snow,</subfield><subfield code="c">1827-1828.</subfield></datafield><datafield ind1=" " ind2=" " tag="300"><subfield code="a">33 no. ;</subfield><subfield code="c">51 cm.</subfield></datafield><datafield ind1=" " ind2=" " tag="310"><subfield code="a">Weekly</subfield></datafield><datafield ind1="0" ind2=" " tag="362"><subfield code="a">Vol. 4, no. 1 (Sept. 15, 1827)-v. 4, no. 33 (Apr. 26, 1828).</subfield></datafield><datafield ind1=" " ind2=" " tag="500"><subfield code="a">Oct. 13, 1827 issue published by: James Hull.</subfield></datafield><datafield ind1=" " ind2=" " tag="500"><subfield code="a">Published every Saturday.</subfield></datafield><datafield ind1=" " ind2="0" tag="651"><subfield code="a">Fredonia (N.Y.)</subfield><subfield code="v">Newspapers.</subfield></datafield><datafield ind1=" " ind2="7" tag="655"><subfield code="a">Newspapers.</subfield><subfield code="2">fast</subfield><subfield code="0">(OCoLC)fst01423814</subfield></datafield><datafield ind1=" " ind2="7" tag="651"><subfield code="a">New York (State)</subfield><subfield code="z">Fredonia.</subfield><subfield code="2">fast</subfield><subfield code="0">(OCoLC)fst01212779</subfield></datafield><datafield ind1=" " ind2=" " tag="752"><subfield code="a">United States</subfield><subfield code="b">New York</subfield><subfield code="c">Chautauqua</subfield><subfield code="d">Fredonia.</subfield></datafield><datafield ind1="0" ind2="0" tag="780"><subfield code="t">Fredonia gazette and Chautauque advertiser</subfield><subfield code="w">(DLC)sn 83031126</subfield></datafield><datafield ind1="0" ind2="0" tag="785"><subfield code="t">Dunkirk gazette</subfield><subfield code="w">(DLC)sn 83031124</subfield></datafield></record>